@article {brunfiedorowiczvogt2007,
    AUTHOR = {Brun, Morten and Fiedorowicz, Zbigniew and Vogt, Rainer M.},
     TITLE = {On the multiplicative structure of topological {H}ochschild
              homology},
   JOURNAL = {Algebr. Geom. Topol.},
  FJOURNAL = {Algebraic \& Geometric Topology},
    VOLUME = {7},
      YEAR = {2007},
     PAGES = {1633--1650},
      ISSN = {1472-2747},
   MRCLASS = {55P43 (18D50 19D55 55P48)},
  MRNUMBER = {2366174},
MRREVIEWER = {Vigleik Angeltveit},
       DOI = {10.2140/agt.2007.7.1633},
       URL = {https://doi.org/10.2140/agt.2007.7.1633},
}

@inproceedings {quillen2010higheralgktheory,
    AUTHOR = {Quillen, Daniel},
     TITLE = {Higher algebraic {$K$}-theory. {I}},
 BOOKTITLE = {Algebraic {$K$}-theory, {I}: {H}igher {$K$}-theories ({P}roc.
              {C}onf., {B}attelle {M}emorial {I}nst., {S}eattle, {W}ash.,
              1972)},
    SERIES = {Lecture Notes in Math., Vol. 341},
     PAGES = {85--147},
 PUBLISHER = {Springer, Berlin},
      YEAR = {1973},
   MRCLASS = {18F25},
  MRNUMBER = {0338129},
MRREVIEWER = {Stephen M. Gersten},
       DOI = {10.1007/BFb0067053},
       URL = {https://link.springer.com/chapter/10.1007/BFb0067053},
}

@article {smith1989filtration,
	AUTHOR = {Smith, Jeffrey Henderson},
	TITLE = {Simplicial group models for {$\Omega^nS^nX$}},
	JOURNAL = {Israel J. Math.},
	FJOURNAL = {Israel Journal of Mathematics},
	VOLUME = {66},
	YEAR = {1989},
	NUMBER = {1-3},
	PAGES = {330--350},
	ISSN = {0021-2172},
	MRCLASS = {55P47 (55U10)},
	MRNUMBER = {1017171},
	MRREVIEWER = {Ronald Brown},
	DOI = {10.1007/BF02765902},
	URL = {https://doi.org/10.1007/BF02765902},
}

@mastersthesis{beuckelmann2021master,
	AUTHOR = {Beuckelmann, Andr\'e},
	title = "$E_{n}$-Operads and the Deligne Conjecture",
	school = "Supervised by Ieke Moerdijk, Universiteit Utrecht",
	year = "2021",
        URL = {https://studenttheses.uu.nl/handle/20.500.12932/1368},
}

@article {mcluresmith2004geomodel,
	AUTHOR = {McClure, James E. and Smith, Jeffrey H.},
	TITLE = {Cosimplicial objects and little {$n$}-cubes. {I}},
	JOURNAL = {Amer. J. Math.},
	FJOURNAL = {American Journal of Mathematics},
	VOLUME = {126},
	YEAR = {2004},
	NUMBER = {5},
	PAGES = {1109--1153},
	ISSN = {0002-9327},
	MRCLASS = {55P48 (18D50 55U10)},
	MRNUMBER = {2089084},
	MRREVIEWER = {Beno\^{\i}t Fresse},
	URL = {http://muse.jhu.edu/journals/american_journal_of_mathematics/v126/126.5mcclure.pdf},
}

@article {salvatore2009deligne,
	AUTHOR = {Salvatore, Paolo},
	TITLE = {The topological cyclic {D}eligne conjecture},
	JOURNAL = {Algebr. Geom. Topol.},
	FJOURNAL = {Algebraic \& Geometric Topology},
	VOLUME = {9},
	YEAR = {2009},
	NUMBER = {1},
	PAGES = {237--264},
	ISSN = {1472-2747},
	MRCLASS = {55P48 (18D50 55U10)},
	MRNUMBER = {2482075},
	MRREVIEWER = {Beno\^{\i}t Fresse},
	DOI = {10.2140/agt.2009.9.237},
	URL = {https://doi.org/10.2140/agt.2009.9.237},
}

@incollection {moerdijk1989bisimplicialsets,
	AUTHOR = {Moerdijk, Ieke},
	TITLE = {Bisimplicial sets and the group-completion theorem},
	BOOKTITLE = {Algebraic {$K$}-theory: connections with geometry and topology
	({L}ake {L}ouise, {AB}, 1987)},
	SERIES = {NATO Adv. Sci. Inst. Ser. C: Math. Phys. Sci.},
	VOLUME = {279},
	PAGES = {225--240},
	PUBLISHER = {Kluwer Acad. Publ., Dordrecht},
	YEAR = {1989},
	MRCLASS = {18G30 (55U10)},
	MRNUMBER = {1045852},
	URL = {https://doi.org/10.1007/978-94-009-2399-7_10},
	DOI = {10.1007/978-94-009-2399-7_10},
}

@article {salvatore2020planarnonformality,
	AUTHOR = {Salvatore, Paolo},
	TITLE = {Non-formality of planar configuration spaces in characteristic	2},
	JOURNAL = {Int. Math. Res. Not. IMRN},
	FJOURNAL = {International Mathematics Research Notices. IMRN},
	YEAR = {2020},
	NUMBER = {10},
	PAGES = {3100--3129},
	ISSN = {1073-7928},
	MRCLASS = {55R80 (55P62)},
	MRNUMBER = {4098635},
	MRREVIEWER = {Sadok Kallel},
	DOI = {10.1093/imrn/rny091},
	URL = {https://doi.org/10.1093/imrn/rny091},
}

@incollection {kashiwabara1993confcomplex,
	AUTHOR = {Kashiwabara, Takuji},
	TITLE = {On the homotopy type of configuration complexes},
	BOOKTITLE = {Algebraic topology ({O}axtepec, 1991)},
	SERIES = {Contemp. Math.},
	VOLUME = {146},
	PAGES = {159--170},
	PUBLISHER = {Amer. Math. Soc., Providence, RI},
	YEAR = {1993},
	MRCLASS = {55P35 (55S12)},
	MRNUMBER = {1224913},
	MRREVIEWER = {Hal Sadofsky},
	DOI = {10.1090/conm/146/01221},
	URL = {https://doi.org/10.1090/conm/146/01221},
}

@incollection {berger1997confspacemodel,
	AUTHOR = {Berger, Clemens},
	TITLE = {Combinatorial models for real configuration spaces and
	{$E_n$}-operads},
	BOOKTITLE = {Operads: {P}roceedings of {R}enaissance {C}onferences
	({H}artford, {CT}/{L}uminy, 1995)},
	SERIES = {Contemp. Math.},
	VOLUME = {202},
	PAGES = {37--52},
	PUBLISHER = {Amer. Math. Soc., Providence, RI},
	YEAR = {1997},
	MRCLASS = {18D35 (06A07 18B35 20B30 55P35 55U10)},
	MRNUMBER = {1436916},
	MRREVIEWER = {Peter J. Eccles},
	DOI = {10.1090/conm/202/02582},
	URL = {https://doi.org/10.1090/conm/202/02582},
}

@article {barrat1974operad,
	AUTHOR = {Barratt, M. G. and Eccles, Peter J.},
	TITLE = {{$\Gamma \sp{+}$}-structures. {I}. {A} free group functor for
	stable homotopy theory},
	JOURNAL = {Topology},
	FJOURNAL = {Topology. An International Journal of Mathematics},
	VOLUME = {13},
	YEAR = {1974},
	PAGES = {25--45},
	ISSN = {0040-9383},
	MRCLASS = {55D35 (55E10)},
	MRNUMBER = {348737},
	MRREVIEWER = {J. P. May},
	DOI = {10.1016/0040-9383(74)90036-6},
	URL = {https://doi.org/10.1016/0040-9383(74)90036-6},
}

@article {berger2002prismatic,
	AUTHOR = {Berger, Clemens and Fresse, Benoit},
	TITLE = {Une d\'{e}composition prismatique de l'op\'{e}rade de
	{B}arratt-{E}ccles},
	JOURNAL = {C. R. Math. Acad. Sci. Paris},
	FJOURNAL = {Comptes Rendus Math\'{e}matique. Acad\'{e}mie des Sciences. Paris},
	VOLUME = {335},
	YEAR = {2002},
	NUMBER = {4},
	PAGES = {365--370},
	ISSN = {1631-073X},
	MRCLASS = {55P48 (18D50)},
	MRNUMBER = {1931518},
	MRREVIEWER = {J. M. Boardman},
	DOI = {10.1016/S1631-073X(02)02489-5},
	URL = {https://doi.org/10.1016/S1631-073X(02)02489-5},
}

@article {maltsiniotis2005grothendieck,
	AUTHOR = {Maltsiniotis, Georges},
	TITLE = {La th\'{e}orie de l'homotopie de {G}rothendieck},
	JOURNAL = {Ast\'{e}risque},
	FJOURNAL = {Ast\'{e}risque},
	NUMBER = {301},
	YEAR = {2005},
	PAGES = {vi+140},
	ISSN = {0303-1179},
	MRCLASS = {18G55 (14F35 18G10 55U10 55U35)},
	MRNUMBER = {2200690},
	MRREVIEWER = {J\v{i}r\'{\i} Rosick\'{y}},
	URL = {http://www.numdam.org/item/AST_2005__301__R1_0.pdf},
}

@book {riehl2014categorical,
	AUTHOR = {Riehl, Emily},
	TITLE = {Categorical homotopy theory},
	SERIES = {New Mathematical Monographs},
	VOLUME = {24},
	PUBLISHER = {Cambridge University Press, Cambridge},
	YEAR = {2014},
	PAGES = {xviii+352},
	ISBN = {978-1-107-04845-4},
	MRCLASS = {18G55 (18D20 55U35)},
	MRNUMBER = {3221774},
	MRREVIEWER = {David A. Blanc},
	DOI = {10.1017/CBO9781107261457},
	URL = {https://doi.org/10.1017/CBO9781107261457},
}

@article {agol2013haken,
	AUTHOR = {Agol, Ian},
	TITLE = {The virtual {H}aken conjecture},
	NOTE = {With an appendix by Agol, Daniel Groves, and Jason Manning},
	JOURNAL = {Doc. Math.},
	FJOURNAL = {Documenta Mathematica},
	VOLUME = {18},
	YEAR = {2013},
	PAGES = {1045--1087},
	ISSN = {1431-0635},
	MRCLASS = {20F67 (57Mxx)},
	MRNUMBER = {3104553},
	MRREVIEWER = {Thomas Koberda},
	URL = {https://www.math.uni-bielefeld.de/documenta/vol-18/33.html}
}

@incollection {gromov1987hyperbolic,
	AUTHOR = {Gromov, M.},
	TITLE = {Hyperbolic groups},
	BOOKTITLE = {Essays in group theory},
	SERIES = {Math. Sci. Res. Inst. Publ.},
	VOLUME = {8},
	PAGES = {75--263},
	PUBLISHER = {Springer, New York},
	YEAR = {1987},
	MRCLASS = {20F32 (20F06 20F10 22E40 53C20 57R75 58F17)},
	MRNUMBER = {919829},
	MRREVIEWER = {Christopher W. Stark},
	DOI = {10.1007/978-1-4613-9586-7\_3},
	URL = {https://doi.org/10.1007/978-1-4613-9586-7_3},
}

@article{mortberg2017cubical,
	author = {Cohen, Cyril and Coquand, Thierry and Huber, Simon and M\"ortberg, Anders},
	title = {{Cubical Type Theory: a constructive interpretation of the univalence axiom}},
	journal = {IfCoLog Journal of Logics and their Applications},
	url = {http://www.collegepublications.co.uk/journals/ifcolog/?00019},
	year = {2017},
	month = nov,
	volume = {4},
	number = {10},
	pages = {3127-3169},
}

@ARTICLE{getzler1994operads,
	author = {{Getzler}, Ezra and {Jones}, J.~D.~S.},
	title = {Operads, homotopy algebra and iterated integrals for double loop spaces},
	journal = {arXiv e-prints},
	year = 1994,
	archivePrefix = {arXiv},
	eprint = {hep-th/9403055}
}
